<?xml version="1.0" encoding="UTF-8"?><collection xmlns="http://www.loc.gov/MARC21/slim"><record><leader>00643nam--2200181-u-4500</leader><controlfield tag="001">000053288</controlfield><controlfield tag="002">20161230</controlfield><controlfield tag="005">20161230201051</controlfield><controlfield tag="008">110119s1000------------r-----000-0-fre-d</controlfield><datafield ind1=" " ind2=" " tag="040"><subfield code="a">IFIN-HH</subfield></datafield><datafield ind1=" " ind2=" " tag="041"><subfield code="a">fre</subfield></datafield><datafield ind1=" " ind2=" " tag="080"><subfield code="a">534-8(043)</subfield></datafield><datafield ind1="1" ind2=" " tag="100"><subfield code="a">Pouliquen, Jean Francois</subfield></datafield><datafield ind1="1" ind2="0" tag="245"><subfield code="a">Diffraction a l'infini d'une onde lumineuse orthogonale a une onde ultrasonore plane et progressive; calcul de l'intensite des raies du spectre par ordinateulr electronique</subfield><subfield code="b">These</subfield><subfield code="c">Jean francois pouliquen</subfield></datafield><datafield ind1=" " ind2=" " tag="260"><subfield code="a">Lille</subfield><subfield code="b">Faculte Des Sciences De L'Universite De Lille</subfield><subfield code="c">1962</subfield></datafield><datafield ind1=" " ind2=" " tag="300"><subfield code="a">110P</subfield></datafield><datafield ind1=" " ind2=" " tag="852"><subfield code="a">78442</subfield><subfield code="c">534</subfield></datafield><datafield ind1=" " ind2=" " tag="CAT"><subfield code="a">Sys</subfield><subfield code="c">20110119</subfield><subfield code="h">133252</subfield></datafield></record></collection>